@Article{Alfaro-2009-13410,
  author =	 {Michael E Alfaro and Francesco Santini and Chad
                  Brock and Hugo Alamillo and Alex Dornburg and Daniel
                  L Rabosky and Giorgio Carnevale and Luke J Harmon},
  journal =	 {Proceedings of the National Acadamy of Sciences,
                  USA},
  title =	 {Nine exceptional radiations plus high turnover
                  explain species diversity in jawed vertebrates},
  affiliation =	 {Univ Calif Los Angeles, Dept Ecol {\&} Evolutionary
                  Biol, Los Angeles, CA 90095 USA},
  number =	 32,
  pages =	 {13410--13414},
  volume =	 106,
  year =	 2009,
  month =	 {Jan},
  keywords =	 {Evolutionary Radiation, Choice, Phylogenetics,
                  Clades, Nuclear, Evolutionary Process, Differential
                  Diversification Rates, Speciation, Position,
                  Extinction Rates, Tree, macroevolution, Phylogeny},
  date-added =	 {2009-09-17 15:30:02 -0700},
  date-modified ={2009-09-17 15:30:44 -0700},
  doi =		 {10.1073/pnas.0811087106},
  pmid =	 000268877300049,
  local-url =
                  {file://localhost/Users/rich/Documents/Papers/Alfaro-2009-13410-13414.pdf},
  uri =
                  {papers://CDB93797-FA99-4F1B-888D-16B05BBEB5F0/Paper/p750},
  read =	 {Yes},
  rating =	 0
}

@Article{Bollback-2006-88,
  author =	 {J P Bollback},
  title =	 {SIMMAP: Stochastic character mapping of discrete
                  traits on phylogenies},
  journal =	 {BMC Bioinformatics},
  year =	 2006,
  volume =	 7,
  pages =	 88
}
@Article{FitzJohn-2009-595,
  author =	 {R G FitzJohn and W P Maddison and S P Otto},
  title =	 {Estimating trait-dependent speciation and extinction
                  rates from incompletely resolved phylogenies},
  journal =	 {Systematic Biology},
  year =	 2009,
  volume =	 58,
  pages =	 {595--611}
}

@Article{FitzJohn-2010-ip,
  author =	 {R G FitzJohn},
  title =	 {Quantitative Traits and Diversification},
  journal =	 {Systematic Biology},
  year =	 2010,
  volume =	 59,
  pages =	 {in press.  doi:10.1093/sysbio/syq053}
}

@Article{Lislevand-2007-1605,
  author =	 {T Lislevand and J Figuerola and T Sz{\'e}kely},
  title =	 {Avian body sizes in relation to fecundity, mating
                  system, display behavior, and resource sharing},
  journal =	 {Ecology},
  year =	 2007,
  volume =	 88,
  number =	 6,
  pages =	 1605,
  local-url =	 PDFDIR # "Lislevand-2007-1605.pdf"
}
@Article{Maddison-2007-701,
  author =	 {W P Maddison and P E Midford and S P Otto},
  title =	 {Estimating a binary character's effect on speciation
                  and extinction},
  journal =	 {Syst. Biol.},
  year =	 2007,
  volume =	 56,
  number =	 5,
  pages =	 {701--710},
  doi =		 {10.1080/10635150701607033},
  local-url =	 PDFDIR # "Maddison-2007-701.pdf"
}
@Article{Neal-2003-705,
  author =	 {R M Neal},
  title =	 {Slice sampling},
  journal =	 {The Annals of Statistics},
  year =	 2003,
  volume =	 31,
  pages =	 {705--767},
  local-url =	 PDFDIR # "Neal-2003-705.pdf",
  doi =		 {10.1214/aos/1056562461}
}

@Article{Nee-1994-305,
  author =	 {S Nee and R M May and P H Harvey},
  title =	 {The reconstructed evolutionary process},
  journal =	 {Philos. Trans. R. Soc. Lond. B Biol. Sci.},
  year =	 1994,
  volume =	 344,
  pages =	 {305--311},
  local-url =	 PDFDIR # "Nee-1994-305.pdf"
}

@Article{Pagel-1994-37,
  author =	 {M Pagel},
  title =	 {Detecting correlated evolution on phylogenies: a
                  general method for the comparative analysis of
                  discrete characters},
  journal =	 {Proceedings of the Royal Society of London, B},
  year =	 1994,
  volume =	 255,
  pages =	 {37--45},
  local-url =	 PDFDIR # "Pagel-1994-37.pdf"
}

@Article{Thomas-2004-28,
  author =	 {G H Thomas and M A Wills and T Sz{\'e}kely},
  title =	 {A supertree approach to shorebird phylogeny},
  journal =	 {BMC Evolutionary Biology},
  year =	 2004,
  volume =	 4,
  pages =	 28,
  doi =		 {10.1186/1471-2148-4-28},
  local-url =	 PDFDIR # "Thomas-2004-28.pdf"
}

@InProceedings{Vos-2006,
  author =	 {R A Vos and A {\O} Mooers},
  title =	 {A new dated supertree of the {Primates}.  Chapter 5},
  booktitle =	 {Inferring large phylogenies: the big
                  tree problem. (R.A. Vos) PhD. thesis, Simon Fraser
                  University.},
  year =	 2006
}

@Article{Redding-2009-1052,
  author =	 {D W Redding and C DeWolff and A {\O} Mooers},
  title =	 {Evolutionary distinctiveness, threat status and
                  ecological oddity in primates},
  journal =	 {Conservation Biology},
  year =	 2010,
  volume =	 24,
  pages =	 {1052--1058}
}
